<?xml version="1.0" encoding="UTF-8"?>
  <record xmlns="http://www.loc.gov/MARC21/slim" type="Authority">
    <leader>00000nz  a2200000nc 4500</leader>
    <controlfield tag="001">119299690</controlfield>
    <controlfield tag="003">DE-101</controlfield>
    <controlfield tag="005">20210529191429.0</controlfield>
    <controlfield tag="008">951218n||azznnaabn           | aaa    |c</controlfield>
    <datafield tag="024" ind1="7" ind2=" ">
      <subfield code="a">119299690</subfield>
      <subfield code="0">http://d-nb.info/gnd/119299690</subfield>
      <subfield code="2">gnd</subfield>
    </datafield>
    <datafield tag="035" ind1=" " ind2=" ">
      <subfield code="a">(DE-101)119299690</subfield>
    </datafield>
    <datafield tag="035" ind1=" " ind2=" ">
      <subfield code="a">(DE-588)119299690</subfield>
    </datafield>
    <datafield tag="035" ind1=" " ind2=" ">
      <subfield code="z">(DE-588)185840108</subfield>
    </datafield>
    <datafield tag="035" ind1=" " ind2=" ">
      <subfield code="z">(DE-588a)185840108</subfield>
      <subfield code="9">v:zg</subfield>
    </datafield>
    <datafield tag="035" ind1=" " ind2=" ">
      <subfield code="z">(DE-588)182299341</subfield>
    </datafield>
    <datafield tag="035" ind1=" " ind2=" ">
      <subfield code="z">(DE-588a)182299341</subfield>
      <subfield code="9">v:zg</subfield>
    </datafield>
    <datafield tag="035" ind1=" " ind2=" ">
      <subfield code="z">(DE-588a)119299690</subfield>
      <subfield code="9">v:zg</subfield>
    </datafield>
    <datafield tag="035" ind1=" " ind2=" ">
      <subfield code="z">(DE-588c)4396371-7</subfield>
      <subfield code="9">v:zg</subfield>
    </datafield>
    <datafield tag="040" ind1=" " ind2=" ">
      <subfield code="a">DE-386</subfield>
      <subfield code="c">DE-386</subfield>
      <subfield code="9">r:DE-576</subfield>
      <subfield code="b">ger</subfield>
      <subfield code="d">1841</subfield>
      <subfield code="e">rda</subfield>
    </datafield>
    <datafield tag="042" ind1=" " ind2=" ">
      <subfield code="a">gnd1</subfield>
    </datafield>
    <datafield tag="043" ind1=" " ind2=" ">
      <subfield code="c">XA-IT</subfield>
    </datafield>
    <datafield tag="065" ind1=" " ind2=" ">
      <subfield code="a">16.5p</subfield>
      <subfield code="2">sswd</subfield>
    </datafield>
    <datafield tag="065" ind1=" " ind2=" ">
      <subfield code="a">4.7p</subfield>
      <subfield code="2">sswd</subfield>
    </datafield>
    <datafield tag="075" ind1=" " ind2=" ">
      <subfield code="b">p</subfield>
      <subfield code="2">gndgen</subfield>
    </datafield>
    <datafield tag="075" ind1=" " ind2=" ">
      <subfield code="b">piz</subfield>
      <subfield code="2">gndspec</subfield>
    </datafield>
    <datafield tag="079" ind1=" " ind2=" ">
      <subfield code="a">g</subfield>
      <subfield code="q">a</subfield>
      <subfield code="q">f</subfield>
      <subfield code="q">s</subfield>
      <subfield code="u">v</subfield>
      <subfield code="u">o</subfield>
      <subfield code="u">w</subfield>
    </datafield>
    <datafield tag="100" ind1="1" ind2=" ">
      <subfield code="a">Pico della Mirandola, Giovanni Francesco</subfield>
      <subfield code="d">1470-1533</subfield>
    </datafield>
    <datafield tag="375" ind1=" " ind2=" ">
      <subfield code="a">1</subfield>
      <subfield code="2">iso5218</subfield>
    </datafield>
    <datafield tag="400" ind1="1" ind2=" ">
      <subfield code="a">Pico della Mirandola, Gianfrancesco</subfield>
      <subfield code="d">1470-1533</subfield>
      <subfield code="9">v:Vorlage</subfield>
    </datafield>
    <datafield tag="400" ind1="1" ind2=" ">
      <subfield code="a">Pico della Mirandola, Giovanfrancesco</subfield>
      <subfield code="d">1470-1533</subfield>
      <subfield code="9">v:Vorlage</subfield>
    </datafield>
    <datafield tag="400" ind1="1" ind2=" ">
      <subfield code="a">Pic de La Mirandole, Jean-Francçois</subfield>
      <subfield code="d">1470-1533</subfield>
    </datafield>
    <datafield tag="400" ind1="1" ind2=" ">
      <subfield code="a">La Mirandole, Jean-Francçois Pic &#152;de&#156;</subfield>
      <subfield code="d">1470-1533</subfield>
    </datafield>
    <datafield tag="400" ind1="1" ind2=" ">
      <subfield code="a">Picus, Ioannes</subfield>
      <subfield code="d">1470-1533</subfield>
    </datafield>
    <datafield tag="400" ind1="1" ind2=" ">
      <subfield code="a">Picus Mirandula, Ioannes</subfield>
      <subfield code="d">1470-1533</subfield>
    </datafield>
    <datafield tag="400" ind1="1" ind2=" ">
      <subfield code="a">Mirandola, Giovanni P. &#152;della&#156;</subfield>
      <subfield code="d">1470-1533</subfield>
    </datafield>
    <datafield tag="400" ind1="1" ind2=" ">
      <subfield code="a">Mirandula, Johannes</subfield>
      <subfield code="d">1470-1533</subfield>
    </datafield>
    <datafield tag="400" ind1="1" ind2=" ">
      <subfield code="a">Mirandula, Ioannes P.</subfield>
      <subfield code="d">1470-1533</subfield>
    </datafield>
    <datafield tag="400" ind1="1" ind2=" ">
      <subfield code="a">Picus, Joannes M.</subfield>
      <subfield code="d">1470-1533</subfield>
    </datafield>
    <datafield tag="400" ind1="1" ind2=" ">
      <subfield code="a">Della Mirandola, Giovanni P.</subfield>
      <subfield code="d">1470-1533</subfield>
    </datafield>
    <datafield tag="400" ind1="1" ind2=" ">
      <subfield code="a">Della Mirandola, Giovanni F.</subfield>
      <subfield code="d">1470-1533</subfield>
    </datafield>
    <datafield tag="400" ind1="1" ind2=" ">
      <subfield code="a">Mirandola, Giovanni F.</subfield>
      <subfield code="d">1470-1533</subfield>
    </datafield>
    <datafield tag="400" ind1="1" ind2=" ">
      <subfield code="a">Picus, Johannes F.</subfield>
      <subfield code="d">1470-1533</subfield>
    </datafield>
    <datafield tag="400" ind1="1" ind2=" ">
      <subfield code="a">Pico della Mirandola, Giovanni F.</subfield>
      <subfield code="d">1470-1533</subfield>
    </datafield>
    <datafield tag="400" ind1="1" ind2=" ">
      <subfield code="a">Picus Mirandola, Johannes F.</subfield>
      <subfield code="d">1470-1533</subfield>
    </datafield>
    <datafield tag="400" ind1="1" ind2=" ">
      <subfield code="a">Picus Mirandola, Johannes Franciscus</subfield>
      <subfield code="d">1470-1533</subfield>
    </datafield>
    <datafield tag="400" ind1="1" ind2=" ">
      <subfield code="a">Picus Mirandula, Johannes F.</subfield>
      <subfield code="d">1470-1533</subfield>
    </datafield>
    <datafield tag="400" ind1="1" ind2=" ">
      <subfield code="a">Picus, Ioannes F.</subfield>
      <subfield code="d">1470-1533</subfield>
    </datafield>
    <datafield tag="400" ind1="1" ind2=" ">
      <subfield code="a">Picus Mirandula, Ioannes F.</subfield>
      <subfield code="d">1470-1533</subfield>
    </datafield>
    <datafield tag="400" ind1="1" ind2=" ">
      <subfield code="a">Mirandula, Johannes F.</subfield>
      <subfield code="d">1470-1533</subfield>
    </datafield>
    <datafield tag="400" ind1="1" ind2=" ">
      <subfield code="a">Mirandula, Joannes F.</subfield>
      <subfield code="d">1470-1533</subfield>
    </datafield>
    <datafield tag="400" ind1="1" ind2=" ">
      <subfield code="a">Mirandola, Johannes F.</subfield>
      <subfield code="d">1470-1533</subfield>
    </datafield>
    <datafield tag="400" ind1="1" ind2=" ">
      <subfield code="a">Mirandulanus, Ioannes F.</subfield>
      <subfield code="d">1470-1533</subfield>
    </datafield>
    <datafield tag="400" ind1="1" ind2=" ">
      <subfield code="a">Picus Mirandulanus, Ioannes F.</subfield>
      <subfield code="d">1470-1533</subfield>
    </datafield>
    <datafield tag="400" ind1="1" ind2=" ">
      <subfield code="a">Picus Mirandula, Johannes</subfield>
      <subfield code="d">1470-1533</subfield>
    </datafield>
    <datafield tag="400" ind1="1" ind2=" ">
      <subfield code="a">Mirandula, Johannes P.</subfield>
      <subfield code="d">1470-1533</subfield>
    </datafield>
    <datafield tag="400" ind1="1" ind2=" ">
      <subfield code="a">Picus Mirandula, Joannes F.</subfield>
      <subfield code="d">1470-1533</subfield>
    </datafield>
    <datafield tag="400" ind1="1" ind2=" ">
      <subfield code="a">Picus Mirandula, Joannes Franciscus</subfield>
      <subfield code="d">1470-1533</subfield>
    </datafield>
    <datafield tag="400" ind1="1" ind2=" ">
      <subfield code="a">Picus, Joannes F.</subfield>
      <subfield code="d">1470-1533</subfield>
    </datafield>
    <datafield tag="400" ind1="1" ind2=" ">
      <subfield code="a">Pico, Giovanni F.</subfield>
      <subfield code="d">1470-1533</subfield>
    </datafield>
    <datafield tag="400" ind1="1" ind2=" ">
      <subfield code="a">Pico de Mirandola, Joannes F.</subfield>
      <subfield code="d">1470-1533</subfield>
    </datafield>
    <datafield tag="400" ind1="1" ind2=" ">
      <subfield code="a">Pico, Gianfrancesco</subfield>
      <subfield code="d">1470-1533</subfield>
    </datafield>
    <datafield tag="400" ind1="1" ind2=" ">
      <subfield code="a">Pico, Giovan Francesco</subfield>
      <subfield code="d">1470-1533</subfield>
    </datafield>
    <datafield tag="400" ind1="1" ind2=" ">
      <subfield code="a">Mirandola, Joannes F. &#152;de&#156;</subfield>
      <subfield code="d">1470-1533</subfield>
    </datafield>
    <datafield tag="400" ind1="1" ind2=" ">
      <subfield code="a">Pico de la Mirandola, Giovanni F.</subfield>
      <subfield code="d">1470-1533</subfield>
    </datafield>
    <datafield tag="400" ind1="1" ind2=" ">
      <subfield code="a">Picus de Mirandola, Joannes F.</subfield>
      <subfield code="d">1470-1533</subfield>
    </datafield>
    <datafield tag="400" ind1="1" ind2=" ">
      <subfield code="a">Pic de la Mirandola, Jean-François</subfield>
      <subfield code="d">1470-1533</subfield>
    </datafield>
    <datafield tag="400" ind1="1" ind2=" ">
      <subfield code="a">Pico DellaMirandola, Giovanni Francesco</subfield>
      <subfield code="d">1470-1533</subfield>
      <subfield code="9">v:RAK alt</subfield>
    </datafield>
    <datafield tag="400" ind1="1" ind2=" ">
      <subfield code="a">Pico DellaMirandola, Giovanni F.</subfield>
      <subfield code="d">1470-1533</subfield>
      <subfield code="9">v:RAK alt</subfield>
    </datafield>
    <datafield tag="400" ind1="1" ind2=" ">
      <subfield code="a">DellaMirandola, Giovanni Francesco</subfield>
      <subfield code="d">1470-1533</subfield>
      <subfield code="9">v:RAK alt</subfield>
    </datafield>
    <datafield tag="400" ind1="1" ind2=" ">
      <subfield code="a">Pico DellaMirandola, Gianfrancesco</subfield>
      <subfield code="d">1470-1533</subfield>
      <subfield code="9">v:Vorlage, RAK alt</subfield>
    </datafield>
    <datafield tag="400" ind1="1" ind2=" ">
      <subfield code="a">Pico DellaMirandola, Giovanfrancesco</subfield>
      <subfield code="d">1470-1533</subfield>
      <subfield code="9">v:Vorlage, RAK alt</subfield>
    </datafield>
    <datafield tag="400" ind1="1" ind2=" ">
      <subfield code="a">DellaMirandola, Giovanni P.</subfield>
      <subfield code="d">1470-1533</subfield>
      <subfield code="9">v:RAK alt</subfield>
    </datafield>
    <datafield tag="400" ind1="1" ind2=" ">
      <subfield code="a">DellaMirandola, Giovanni F.</subfield>
      <subfield code="d">1470-1533</subfield>
      <subfield code="9">v:RAK alt</subfield>
    </datafield>
    <datafield tag="400" ind1="1" ind2=" ">
      <subfield code="a">Pico de LaMirandola, Giovanni F.</subfield>
      <subfield code="d">1470-1533</subfield>
      <subfield code="9">v:RAK alt</subfield>
    </datafield>
    <datafield tag="400" ind1="1" ind2=" ">
      <subfield code="a">Pic de LaMirandola, Jean-François</subfield>
      <subfield code="d">1470-1533</subfield>
      <subfield code="9">v:RAK alt</subfield>
    </datafield>
    <datafield tag="400" ind1="1" ind2=" ">
      <subfield code="a">Picus, Johannes Franciscus</subfield>
      <subfield code="d">1470-1533</subfield>
    </datafield>
    <datafield tag="400" ind1="1" ind2=" ">
      <subfield code="a">Picus, Franciscus</subfield>
      <subfield code="d">1470-1533</subfield>
    </datafield>
    <datafield tag="400" ind1="1" ind2=" ">
      <subfield code="a">Pico, Johann F.</subfield>
      <subfield code="d">1470-1533</subfield>
    </datafield>
    <datafield tag="400" ind1="1" ind2=" ">
      <subfield code="a">Mirandulanus, Johannes F.</subfield>
      <subfield code="d">1470-1533</subfield>
    </datafield>
    <datafield tag="400" ind1="1" ind2=" ">
      <subfield code="a">Mirandola, Gianfrancesco Pico &#152;della&#156;</subfield>
      <subfield code="d">1470-1533</subfield>
    </datafield>
    <datafield tag="400" ind1="1" ind2=" ">
      <subfield code="a">Mirandola, Giovanni Francesco &#152;della&#156;</subfield>
      <subfield code="d">1470-1533</subfield>
    </datafield>
    <datafield tag="400" ind1="1" ind2=" ">
      <subfield code="a">Della Mirandola, Giovanni Francesco</subfield>
      <subfield code="d">1470-1533</subfield>
    </datafield>
    <datafield tag="400" ind1="1" ind2=" ">
      <subfield code="a">Mirandole, Jean-Francçois Pic &#152;de la&#156;</subfield>
      <subfield code="d">1470-1533</subfield>
    </datafield>
    <datafield tag="400" ind1="1" ind2=" ">
      <subfield code="a">Picus Mirandula, Johannes Franciscus</subfield>
      <subfield code="d">1470-1533</subfield>
    </datafield>
    <datafield tag="400" ind1="1" ind2=" ">
      <subfield code="a">Picus, Joannes Franciscus</subfield>
      <subfield code="d">1470-1533</subfield>
    </datafield>
    <datafield tag="400" ind1="1" ind2=" ">
      <subfield code="a">Della Mirandola, Gianfrancesco Pico</subfield>
      <subfield code="d">1470-1533</subfield>
    </datafield>
    <datafield tag="400" ind1="1" ind2=" ">
      <subfield code="a">Mirandula, Johannes Franciscus</subfield>
      <subfield code="d">1470-1533</subfield>
    </datafield>
    <datafield tag="400" ind1="0" ind2=" ">
      <subfield code="a">Giovanfrancesco</subfield>
      <subfield code="d">1470-1533</subfield>
    </datafield>
    <datafield tag="400" ind1="1" ind2=" ">
      <subfield code="a">Mirandolae, Picus</subfield>
      <subfield code="d">1470-1533</subfield>
    </datafield>
    <datafield tag="400" ind1="1" ind2=" ">
      <subfield code="a">Picus de Mirandula, Johannes Franciscus</subfield>
      <subfield code="d">1470-1533</subfield>
    </datafield>
    <datafield tag="400" ind1="1" ind2=" ">
      <subfield code="a">Pico, Giovanni Francesco</subfield>
      <subfield code="d">1470-1533</subfield>
    </datafield>
    <datafield tag="400" ind1="1" ind2=" ">
      <subfield code="a">Pic de la Mirandole, Jean-François</subfield>
      <subfield code="d">1470-1533</subfield>
    </datafield>
    <datafield tag="400" ind1="1" ind2=" ">
      <subfield code="a">Mirandola, Pico &#152;della&#156;</subfield>
      <subfield code="d">1470-1533</subfield>
    </datafield>
    <datafield tag="400" ind1="1" ind2=" ">
      <subfield code="a">Picus Mirandolae, Johannes Franciscus</subfield>
      <subfield code="d">1470-1533</subfield>
    </datafield>
    <datafield tag="400" ind1="1" ind2=" ">
      <subfield code="a">Picus Mirandulanus, Joannes Franciscus</subfield>
      <subfield code="d">1470-1533</subfield>
    </datafield>
    <datafield tag="400" ind1="1" ind2=" ">
      <subfield code="a">Pico, Gian Francesco</subfield>
      <subfield code="d">1470-1533</subfield>
    </datafield>
    <datafield tag="400" ind1="0" ind2=" ">
      <subfield code="a">Giovanni Francesco Pico della Mirandola</subfield>
      <subfield code="d">1470-1533</subfield>
    </datafield>
    <datafield tag="400" ind1="0" ind2=" ">
      <subfield code="a">Pico</subfield>
      <subfield code="d">1470-1533</subfield>
    </datafield>
    <datafield tag="400" ind1="0" ind2=" ">
      <subfield code="a">Johannes Franciscus Picus Mirandulae</subfield>
      <subfield code="d">1470-1533</subfield>
    </datafield>
    <datafield tag="500" ind1="1" ind2=" ">
      <subfield code="0">(DE-101)118742418</subfield>
      <subfield code="0">(DE-588)118742418</subfield>
      <subfield code="0">https://d-nb.info/gnd/118742418</subfield>
      <subfield code="a">Pico della Mirandola, Giovanni</subfield>
      <subfield code="d">1463-1494</subfield>
      <subfield code="4">bezf</subfield>
      <subfield code="4">https://d-nb.info/standards/elementset/gnd#familialRelationship</subfield>
      <subfield code="w">r</subfield>
      <subfield code="i">Beziehung familiaer</subfield>
      <subfield code="e">Beziehung familiaer</subfield>
      <subfield code="9">v:Onkel</subfield>
    </datafield>
    <datafield tag="500" ind1="1" ind2=" ">
      <subfield code="0">(DE-101)118641786</subfield>
      <subfield code="0">(DE-588)118641786</subfield>
      <subfield code="0">https://d-nb.info/gnd/118641786</subfield>
      <subfield code="a">Ptolemaeus, Claudius</subfield>
      <subfield code="d">100-178</subfield>
      <subfield code="4">beza</subfield>
      <subfield code="4">https://d-nb.info/standards/elementset/gnd#acquaintanceshipOrFriendship</subfield>
      <subfield code="w">r</subfield>
      <subfield code="i">Bekanntschaft</subfield>
      <subfield code="e">Bekanntschaft</subfield>
      <subfield code="9">v:VD-16 Mitverf.</subfield>
    </datafield>
    <datafield tag="500" ind1="1" ind2=" ">
      <subfield code="0">(DE-101)116450495</subfield>
      <subfield code="0">(DE-588)116450495</subfield>
      <subfield code="0">https://d-nb.info/gnd/116450495</subfield>
      <subfield code="a">Reuber, Justus</subfield>
      <subfield code="d">1542-1607</subfield>
      <subfield code="4">beza</subfield>
      <subfield code="4">https://d-nb.info/standards/elementset/gnd#acquaintanceshipOrFriendship</subfield>
      <subfield code="w">r</subfield>
      <subfield code="i">Bekanntschaft</subfield>
      <subfield code="e">Bekanntschaft</subfield>
      <subfield code="9">v:VD-16 Mitverf.</subfield>
    </datafield>
    <datafield tag="500" ind1="1" ind2=" ">
      <subfield code="0">(DE-101)100350275</subfield>
      <subfield code="0">(DE-588)100350275</subfield>
      <subfield code="0">https://d-nb.info/gnd/100350275</subfield>
      <subfield code="a">Giraldi, Giglio Gregorio</subfield>
      <subfield code="d">1479-1552</subfield>
      <subfield code="4">beza</subfield>
      <subfield code="4">https://d-nb.info/standards/elementset/gnd#acquaintanceshipOrFriendship</subfield>
      <subfield code="w">r</subfield>
      <subfield code="i">Bekanntschaft</subfield>
      <subfield code="e">Bekanntschaft</subfield>
      <subfield code="9">v:VD-16 Mitverf.</subfield>
    </datafield>
    <datafield tag="500" ind1="0" ind2=" ">
      <subfield code="a">Jacobus</subfield>
      <subfield code="c">aus Scarperia</subfield>
      <subfield code="4">beza</subfield>
      <subfield code="4">https://d-nb.info/standards/elementset/gnd#acquaintanceshipOrFriendship</subfield>
      <subfield code="w">r</subfield>
      <subfield code="i">Bekanntschaft</subfield>
      <subfield code="e">Bekanntschaft</subfield>
      <subfield code="9">v:VD-16 Mitverf.</subfield>
    </datafield>
    <datafield tag="500" ind1="1" ind2=" ">
      <subfield code="0">(DE-101)117124974</subfield>
      <subfield code="0">(DE-588)117124974</subfield>
      <subfield code="0">https://d-nb.info/gnd/117124974</subfield>
      <subfield code="a">Molther, Menrad</subfield>
      <subfield code="d">1505-1558</subfield>
      <subfield code="4">beza</subfield>
      <subfield code="4">https://d-nb.info/standards/elementset/gnd#acquaintanceshipOrFriendship</subfield>
      <subfield code="w">r</subfield>
      <subfield code="i">Bekanntschaft</subfield>
      <subfield code="e">Bekanntschaft</subfield>
      <subfield code="9">v:VD-16 Mitverf.</subfield>
    </datafield>
    <datafield tag="500" ind1="1" ind2=" ">
      <subfield code="0">(DE-101)119616777</subfield>
      <subfield code="0">(DE-588)119616777</subfield>
      <subfield code="0">https://d-nb.info/gnd/119616777</subfield>
      <subfield code="a">Übelin, Georg</subfield>
      <subfield code="d">ca. 16. Jh.</subfield>
      <subfield code="4">beza</subfield>
      <subfield code="4">https://d-nb.info/standards/elementset/gnd#acquaintanceshipOrFriendship</subfield>
      <subfield code="w">r</subfield>
      <subfield code="i">Bekanntschaft</subfield>
      <subfield code="e">Bekanntschaft</subfield>
      <subfield code="9">v:VD-16 Mitverf.</subfield>
    </datafield>
    <datafield tag="500" ind1="1" ind2=" ">
      <subfield code="0">(DE-101)11852870X</subfield>
      <subfield code="0">(DE-588)11852870X</subfield>
      <subfield code="0">https://d-nb.info/gnd/11852870X</subfield>
      <subfield code="a">Eck, Johannes</subfield>
      <subfield code="d">1486-1543</subfield>
      <subfield code="4">beza</subfield>
      <subfield code="4">https://d-nb.info/standards/elementset/gnd#acquaintanceshipOrFriendship</subfield>
      <subfield code="w">r</subfield>
      <subfield code="i">Bekanntschaft</subfield>
      <subfield code="e">Bekanntschaft</subfield>
      <subfield code="9">v:VD-16 Mitverf.</subfield>
    </datafield>
    <datafield tag="500" ind1="1" ind2=" ">
      <subfield code="0">(DE-101)116503610</subfield>
      <subfield code="0">(DE-588)116503610</subfield>
      <subfield code="0">https://d-nb.info/gnd/116503610</subfield>
      <subfield code="a">Engerd, Johann</subfield>
      <subfield code="d">1546-1587</subfield>
      <subfield code="4">beza</subfield>
      <subfield code="4">https://d-nb.info/standards/elementset/gnd#acquaintanceshipOrFriendship</subfield>
      <subfield code="w">r</subfield>
      <subfield code="i">Bekanntschaft</subfield>
      <subfield code="e">Bekanntschaft</subfield>
      <subfield code="9">v:VD-16 Mitverf.</subfield>
    </datafield>
    <datafield tag="500" ind1="1" ind2=" ">
      <subfield code="0">(DE-101)118807757</subfield>
      <subfield code="0">(DE-588)118807757</subfield>
      <subfield code="0">https://d-nb.info/gnd/118807757</subfield>
      <subfield code="a">Witzel, Georg</subfield>
      <subfield code="d">1501-1573</subfield>
      <subfield code="4">beza</subfield>
      <subfield code="4">https://d-nb.info/standards/elementset/gnd#acquaintanceshipOrFriendship</subfield>
      <subfield code="w">r</subfield>
      <subfield code="i">Bekanntschaft</subfield>
      <subfield code="e">Bekanntschaft</subfield>
      <subfield code="9">v:VD-16 Mitverf.</subfield>
    </datafield>
    <datafield tag="500" ind1="1" ind2=" ">
      <subfield code="0">(DE-101)119314630</subfield>
      <subfield code="0">(DE-588)119314630</subfield>
      <subfield code="0">https://d-nb.info/gnd/119314630</subfield>
      <subfield code="a">Braun, Georg</subfield>
      <subfield code="d">1542-1622</subfield>
      <subfield code="4">beza</subfield>
      <subfield code="4">https://d-nb.info/standards/elementset/gnd#acquaintanceshipOrFriendship</subfield>
      <subfield code="w">r</subfield>
      <subfield code="i">Bekanntschaft</subfield>
      <subfield code="e">Bekanntschaft</subfield>
      <subfield code="9">v:VD-16 Mitverf.</subfield>
    </datafield>
    <datafield tag="548" ind1=" " ind2=" ">
      <subfield code="a">1470-1533</subfield>
      <subfield code="4">datl</subfield>
      <subfield code="4">https://d-nb.info/standards/elementset/gnd#dateOfBirthAndDeath</subfield>
      <subfield code="w">r</subfield>
      <subfield code="i">Lebensdaten</subfield>
      <subfield code="9">v:oder Geburtsjahr 1469</subfield>
    </datafield>
    <datafield tag="550" ind1=" " ind2=" ">
      <subfield code="0">(DE-101)040004643</subfield>
      <subfield code="0">(DE-588)4000464-8</subfield>
      <subfield code="0">https://d-nb.info/gnd/4000464-8</subfield>
      <subfield code="a">Adel</subfield>
      <subfield code="4">obin</subfield>
      <subfield code="4">https://d-nb.info/standards/elementset/gnd#broaderTermInstantial</subfield>
      <subfield code="w">r</subfield>
      <subfield code="i">Oberbegriff instantiell</subfield>
    </datafield>
    <datafield tag="550" ind1=" " ind2=" ">
      <subfield code="0">(DE-101)040457907</subfield>
      <subfield code="0">(DE-588)4045790-4</subfield>
      <subfield code="0">https://d-nb.info/gnd/4045790-4</subfield>
      <subfield code="a">Philosoph</subfield>
      <subfield code="4">berc</subfield>
      <subfield code="4">https://d-nb.info/standards/elementset/gnd#professionOrOccupation</subfield>
      <subfield code="w">r</subfield>
      <subfield code="i">Charakteristischer Beruf</subfield>
    </datafield>
    <datafield tag="550" ind1=" " ind2=" ">
      <subfield code="0">(DE-101)041607775</subfield>
      <subfield code="0">(DE-588)4160777-6</subfield>
      <subfield code="0">https://d-nb.info/gnd/4160777-6</subfield>
      <subfield code="a">Humanist</subfield>
      <subfield code="4">beru</subfield>
      <subfield code="4">https://d-nb.info/standards/elementset/gnd#professionOrOccupation</subfield>
      <subfield code="w">r</subfield>
      <subfield code="i">Beruf</subfield>
    </datafield>
    <datafield tag="667" ind1=" " ind2=" ">
      <subfield code="a">12</subfield>
    </datafield>
    <datafield tag="667" ind1=" " ind2=" ">
      <subfield code="a">VD-17</subfield>
    </datafield>
    <datafield tag="667" ind1=" " ind2=" ">
      <subfield code="a">VD-16</subfield>
    </datafield>
    <datafield tag="667" ind1=" " ind2=" ">
      <subfield code="a">Neffe von Giovanni Pico della Mirandola (1463-1494)</subfield>
      <subfield code="5">CH-ZuETHN</subfield>
    </datafield>
    <datafield tag="667" ind1=" " ind2=" ">
      <subfield code="a">Quelle: DNB-Normdaten</subfield>
    </datafield>
    <datafield tag="670" ind1=" " ind2=" ">
      <subfield code="a">NUC, LUI, Enc. It. unter Pico della Mirandola, Giovanni</subfield>
    </datafield>
    <datafield tag="670" ind1=" " ind2=" ">
      <subfield code="a">GND</subfield>
    </datafield>
    <datafield tag="672" ind1=" " ind2="0">
      <subfield code="a">Pico della Mirandola, Giovanni Francesco: Joannis Francisci Pici Mirãdulani Principis. Concordieque Comitis Hymni heroici tres. ad ... 1514. (VD16 P 2646)</subfield>
    </datafield>
    <datafield tag="672" ind1=" " ind2="0">
      <subfield code="a">Pico della Mirandola, Giovanni Francesco: FRANCISCI PICI MIRANDVLANI AC CONCORdiae domini,epistola apologetica,pro S.Dionysio ... 1526. (VD16 P 2642)</subfield>
    </datafield>
    <datafield tag="672" ind1=" " ind2="0">
      <subfield code="a">Pico della Mirandola, Giovanni Francesco: IOANNIS FRANCISCI MIRANDVLAE DN. De expellendis VENERE &amp; CVPIDINE Carmen heroicũ. ... 1513. (VD16 P 2643)</subfield>
    </datafield>
    <datafield tag="672" ind1=" " ind2="0">
      <subfield code="a">Pico della Mirandola, Giovanni Francesco: STAVROSTICHON hoc est carmen de mysteriis dominicae crucis nuper in germaniam delapsis ... 1512. (VD16 P 2660)</subfield>
    </datafield>
    <datafield tag="672" ind1=" " ind2="0">
      <subfield code="a">Pico della Mirandola, Giovanni Francesco: IOANNIS FRANCISCI PICI MIRANDVlani Principis, Concordiae\[que] Comitis. Hymni heroici tres, Ad ... 1517. (VD16 P 2648)</subfield>
    </datafield>
    <datafield tag="672" ind1=" " ind2="0">
      <subfield code="a">Pico della Mirandola, Giovanni: Opera omnia. 1572-1573. (VD16 P 2580)</subfield>
    </datafield>
    <datafield tag="672" ind1=" " ind2="0">
      <subfield code="a">Pico della Mirandola, Giovanni Francesco: IOANNIS FRANCISCI PICI MIRANDVLANI PRINCIPIS, CONCORDIAEQVE COMITIS HYMNI HEROICI TRES, AD ... 1511. (VD16 P 2644)</subfield>
    </datafield>
    <datafield tag="672" ind1=" " ind2="0">
      <subfield code="a">Pico della Mirandola, Giovanni Francesco: IOHANNIS FRANCISci Pici Mirandulae Opusculum de sententia excõmunicationis iniusta, pro ... 1521. (VD16 P 2656)</subfield>
    </datafield>
    <datafield tag="672" ind1=" " ind2="0">
      <subfield code="a">Pico della Mirandola, Giovanni Francesco: De imitatione. 1518. (VD16 P 2639)</subfield>
    </datafield>
    <datafield tag="672" ind1=" " ind2="0">
      <subfield code="a">Pico della Mirandola, Giovanni Francesco: Spiegel deß Closterlebens: Jnn einem Lateinischen Sendtschreiben durch Herren Franciscum ... 1586. (VD16 P 2641)</subfield>
    </datafield>
    <datafield tag="680" ind1=" " ind2=" ">
      <subfield code="a">DDB</subfield>
    </datafield>
    <datafield tag="913" ind1=" " ind2=" ">
      <subfield code="S">pnd</subfield>
      <subfield code="i">a</subfield>
      <subfield code="a">Pico della Mirandola, Giovanni Francesco</subfield>
      <subfield code="0">(DE-588a)119299690</subfield>
    </datafield>
    <datafield tag="913" ind1=" " ind2=" ">
      <subfield code="S">pnd</subfield>
      <subfield code="i">a</subfield>
      <subfield code="a">Pico Della Mirandola, Giovanni Francesco</subfield>
      <subfield code="0">(DE-588a)182299341</subfield>
    </datafield>
    <datafield tag="913" ind1=" " ind2=" ">
      <subfield code="S">pnd</subfield>
      <subfield code="i">a</subfield>
      <subfield code="a">Pico Della Mirandola, Gianfrancesco</subfield>
      <subfield code="0">(DE-588a)185840108</subfield>
    </datafield>
  </record>
